<?xml version="1.0" encoding="UTF-8"?><record xmlns="http://www.loc.gov/MARC21/slim" xmlns:cinclude="http://apache.org/cocoon/include/1.0" xmlns:zs="http://www.loc.gov/zing/srw/">
  <leader>00596nz  a2200145n  4500</leader>
  <controlfield tag="001">nb2011022494</controlfield>
  <controlfield tag="003">DLC</controlfield>
  <controlfield tag="005">20110825075037.0</controlfield>
  <controlfield tag="008">110823n| acannaabn          |n ana      </controlfield>
  <datafield tag="010" ind1=" " ind2=" ">
    <subfield code="a">nb2011022494</subfield>
  </datafield>
  <datafield tag="035" ind1=" " ind2=" ">
    <subfield code="a">(Uk)008236802</subfield>
  </datafield>
  <datafield tag="040" ind1=" " ind2=" ">
    <subfield code="a">Uk</subfield>
    <subfield code="b">eng</subfield>
    <subfield code="c">Uk</subfield>
  </datafield>
  <datafield tag="110" ind1="1" ind2=" ">
    <subfield code="a">Great Britain.</subfield>
    <subfield code="b">Army.</subfield>
    <subfield code="b">Royal Warwickshire Regiment.</subfield>
    <subfield code="b">Battalion (Service), 10th</subfield>
  </datafield>
  <datafield tag="670" ind1=" " ind2=" ">
    <subfield code="a">Lander's war, 1914-1919, 2010:</subfield>
    <subfield code="b">t.p. (10th Battalion, Royal Warwickshire Regiment)</subfield>
  </datafield>
  <datafield tag="670" ind1=" " ind2=" ">
    <subfield code="a">RootsWeb WWW site, 23 Aug. 2011:</subfield>
    <subfield code="b">GREATWAR-L Archives (the 10th (Service) Battalion, Royal Warwickshire Regiment was formed at Warwick in Sept. 1914)</subfield>
  </datafield>
</record>